@article{hierarchical,
 author = {Quadrana, Massimo and Karatzoglou Alexandros and Hidasi, Balazs and Cremonesi, Paolo},
 title = {Personalizing Session-based Recommendations with Hierarchical Recurrent Neural Networks},
 journal = {RecSys 2017},
 volume = {},
 year = {},
 pages = {},
 number = {},
 }

@article{prod2vec,
 author = {Vasile, Flavian and Smirnova, Elena and Conneau, Alexis},
 title = {Meta-Prod2Vec - Product Embeddings Using Side-Information for Recommendation},
 journal = {RecSys 2016},
 volume = {},
 year = {},
 pages = {},
 number = {},
 }

@article{profforce,
 author = {Lamb, Alex and Goyal, Anirudh and Zhang, Ying and Zhang, Saizheng and Courville, Aaron and Bengio Yoshua},
 title = {Professor Forcing: A New Algorithm for Training Recurrent Networks},
 journal = {NIPS 2016},
 volume = {},
 year = {},
 pages = {},
 number = {},
 }